@inproceedings{Marcu:1999,
author = {Marcu, Daniel},
booktitle = {Proc. SIGIR},
pages = {137--144},
publisher = {ACM},
title = {The Automatic Construction of Large-Scale Corpora for Summarization Research},
url = {http://doi.acm.org/10.1145/312624.312668},
year = {1999}
}

@article{Ouyang:2011,
author = {Ouyang, You and Li, Wenjie and Li, Sujian and Lu, Qin},
doi = {10.1016/j.ipm.2010.03.005},
journal = {Information Processing and Management},
number = {2},
pages = {227--237},
publisher = {Elsevier Ltd},
title = {Applying regression models to query-focused multi-document summarization},
volume = {47},
year = {2011}
}